@misc{zarcanum,
    author       = {sowle and koe},
    title        = {Zarcanum: A Proof-of-Stake Scheme for Confidential Transactions with Hidden Amounts},
    howpublished = {Cryptology ePrint Archive, Report 2021/1478},
    year         = {2021},
    note         = {\url{https://ia.cr/2021/1478}},
}

@INPROCEEDINGS{bp,
  author={BÃ¼nz, Benedikt and Bootle, Jonathan and Boneh, Dan and Poelstra, Andrew and Wuille, Pieter and Maxwell, Greg},
  booktitle={2018 IEEE Symposium on Security and Privacy (SP)}, 
  title={Bulletproofs: Short Proofs for Confidential Transactions and More}, 
  year={2018},
  volume={},
  number={},
  pages={315-334},
  doi={10.1109/SP.2018.00020}}

@misc{bp_plus,
    author       = {Heewon Chung and
		    Kyoohyung Han and
		    Chanyang Ju and
		    Myungsun Kim and
		    Jae Hong Seo},
    title        = {Bulletproofs+: Shorter Proofs for Privacy-Enhanced Distributed Ledger},
    howpublished = {Cryptology ePrint Archive, Report 2020/735},
    year         = {2020},
    note         = {\url{https://ia.cr/2020/735}},
}

@InProceedings{triptych,
author="Noether, Sarang
and Goodell, Brandon",
editor="Garcia-Alfaro, Joaquin
and Navarro-Arribas, Guillermo
and Herrera-Joancomarti, Jordi",
title="Triptych: Logarithmic-Sized Linkable Ring Signatures with Applications",
booktitle="Data Privacy Management, Cryptocurrencies and Blockchain Technology",
year="2020",
publisher="Springer International Publishing",
address="Cham",
pages="337--354",
isbn="978-3-030-66172-4"
}

@article{ringct,
title={Ring Confidential Transactions},
volume={1},
url={https://ledger.pitt.edu/ojs/ledger/article/view/34},
DOI={10.5195/ledger.2016.34},
journal={Ledger},
author={Noether, Shen and Mackenzie, Adam and Research Lab, the Monero},
year={2016},
month={Dec.},
pages={1-18}
}

@misc{lelantus,
    author       = {Aram Jivanyan},
    title        = {Lelantus: A New Design for Anonymous and Confidential Cryptocurrencies},
    howpublished = {Cryptology ePrint Archive, Report 2019/373},
    year         = {2019},
    note         = {\url{https://ia.cr/2019/373}},
}

@misc{clsag,
    author       = {Brandon Goodell and
		    Sarang Noether and
		    RandomRun},
    title        = {Concise Linkable Ring Signatures and Forgery Against Adversarial Keys},
    howpublished = {Cryptology ePrint Archive, Report 2019/654},
    year         = {2019},
    note         = {\url{https://ia.cr/2019/654}},
}
